@article{yellen1997measuring,
  title     = {Measuring fatigue and other anemia-related symptoms with the Functional Assessment of Cancer Therapy (FACT) measurement system},
  author    = {Yellen, Suzanne B and Cella, David F and Webster, Kimberly and Blendowski, Carol and Kaplan, Edward},
  journal   = {Journal of pain and symptom management},
  volume    = {13},
  number    = {2},
  pages     = {63--74},
  year      = {1997},
  publisher = {Elsevier}
}

@article{cella2002fatigue,
  title     = {Fatigue in cancer patients compared with fatigue in the general United States population},
  author    = {Cella, David and Lai, Jin-shei and Chang, Chih-Hung and Peterman, Amy and Slavin, Mitchell},
  journal   = {Cancer},
  volume    = {94},
  number    = {2},
  pages     = {528--538},
  year      = {2002},
  publisher = {Wiley Online Library}
}

@article{montan2018general,
  title     = {General population norms for the functional assessment of chronic illness therapy (FACIT)-fatigue scale},
  author    = {Montan, Inka and L{\"o}we, Bernd and Cella, David and Mehnert, Anja and Hinz, Andreas},
  journal   = {Value in Health},
  volume    = {21},
  number    = {11},
  pages     = {1313--1321},
  year      = {2018},
  publisher = {Elsevier}
}

@article{acaster2015qualitative,
  title     = {Qualitative and quantitative validation of the FACIT-fatigue scale in iron deficiency anemia},
  author    = {Acaster, Sarah and Dickerhoof, Rene and DeBusk, Kendra and Bernard, Kristine and Strauss, William and Allen, Lee F},
  journal   = {Health and quality of life outcomes},
  volume    = {13},
  number    = {1},
  pages     = {1--10},
  year      = {2015},
  publisher = {BioMed Central}
}

@article{glynn2015pittsburgh,
  title     = {The Pittsburgh Fatigability scale for older adults: development and validation},
  author    = {Glynn, Nancy W and Santanasto, Adam J and Simonsick, Eleanor M and Boudreau, Robert M and Beach, Scott R and Schulz, Richard and Newman, Anne B},
  journal   = {Journal of the American Geriatrics Society},
  volume    = {63},
  number    = {1},
  pages     = {130--135},
  year      = {2015},
  publisher = {Wiley Online Library}
}

@article{zigmond1983hospital,
  title     = {The hospital anxiety and depression scale},
  author    = {Zigmond, Anthony S and Snaith, R Philip},
  journal   = {Acta psychiatrica scandinavica},
  volume    = {67},
  number    = {6},
  pages     = {361--370},
  year      = {1983},
  publisher = {Wiley Online Library}
}
